%% This BibTeX bibliography file was created using BibDesk.
%% http://bibdesk.sourceforge.net/


%% Created for jasson at 2014-01-17 14:54:12 -0500 


%% Saved with string encoding Unicode (UTF-8) 
@article{dimakis2011survey,
  title={A survey on network codes for distributed storage},
  author={Dimakis, Alexandros G and Ramchandran, Kannan and Wu, Yunnan and Suh, Changho},
  journal={Proceedings of the IEEE},
  volume={99},
  number={3},
  pages={476--489},
  year={2011},
  publisher={IEEE}
}

@misc{tftp,
  title       = {{T}HE {TFTP} {P}ROTOCOL (REVISION 2) - {R}equest for {C}omments},
  date        = {2014},
  note     = { Retrieved April 28, 2014 from \url{http://www.ietf.org/rfc/rfc1350.txt}}
}

@misc{ofspec,
   title       = {{O}penFlow {S}witch {S}pecification - {V}ersion 1.3.0 ( {W}ire {P}rotocol 0x04 )},
   note     = {Retrieved April 28, 2014 from  \url{https://www.opennetworking.org/images/stories/downloads/sdn-resources/onf-specifications/openflow/openflow-spec-v1.3.0.pdf}}
}
@article{nunes2014survey,
  title={A survey of software-defined networking: Past, present, and future of programmable networks},
  author={Nunes, B and Mendonca, Marc and Nguyen, X and Obraczka, Katia and Turletti, Thierry},
  year={2014},
  publisher={IEEE}
}
@article{nemeth2012towards,
  title={Towards SmartFlow: Case Studies on enhanced programmable forwarding in OpenFlow Switches},
  author={N{\'e}meth, Felici{\'a}n and Stipkovits, {\'A}d{\'a}m and Sonkoly, Bal{\'a}zs and Guly{\'a}s, Andr{\'a}s},
  journal={ACM SIGCOMM Computer Communication Review},
  volume={42},
  number={4},
  pages={85--86},
  year={2012},
  publisher={ACM}
}

@article{mckeown2008openflow,
  title={OpenFlow: enabling innovation in campus networks},
  author={McKeown, Nick and Anderson, Tom and Balakrishnan, Hari and Parulkar, Guru and Peterson, Larry and Rexford, Jennifer and Shenker, Scott and Turner, Jonathan},
  journal={ACM SIGCOMM Computer Communication Review},
  volume={38},
  number={2},
  pages={69--74},
  year={2008},
  publisher={ACM}
}

@misc{flowgrammable,
  title = {{Open Flow} Messages Description},
  howpublished = {\url{http://flowgrammable.org/sdn/openflow/}},
  note = {Accessed: 2014-05-07}
}

@misc{softswitch,
   title       = {{S}oft {S}witch},
   note     = {Retrieved June 11, 2014 from  \url{https://github.com/CPqD/ofsoftswitch13}}
}
@misc{ryu,
   title       = {{R}yu - {SDN} {F}ramework},
   note     = {Retrieved June 11, 2014 from  \url{http://osrg.github.io/ryu}}
}
@misc{geni,
   title       = {{G}eni - {G}lobal {E}nvironment for {N}etwork {I}nnovations},
   note     = {Retrieved June 11, 2014 from  \url{https://www.geni.net}}
}
@inproceedings{papailiopoulos2012locally,
  title={Locally repairable codes},
  author={Papailiopoulos, Dimitris S and Dimakis, Alexandros G},
  booktitle={information theory proceedings (ISIT), 2012 IEEE international symposium on},
  pages={2771--2775},
  year={2012},
  organization={IEEE}
}
@Comment{
@misc{ns2,
  title = {{The Network Simulator NS-2}},
  howpublished = {\url{http://www.isi.edu/nsnam/ns/}},
  note = {Accessed: 2014-05-07}
}
@misc{perf,
   title       = {Perf - {L}inux profiling with performance counters},
   note     = {Retrieved January 18, 2014 from  \url{https://perf.wiki.kernel.org/index.php/Main_Page}}
}
@misc{floodlight,
   title       = {{F}loodlight - {O}pen {SDN} {C}ontroller},
   note     = {Retrieved January 18, 2014 from  \url{http://osrg.github.io/ryu/}}
}



@misc{openvswitch,
   title       = {{O}pen v{S}witch - an {O}pen {V}irtual {S}witch},
   note     = {Retrieved January 18, 2014 from  \url{http://openvswitch.org/}}
}

@misc{sulley,
   title       = {{S}ulley - {A} {P}ure {P}ython {F}ully {A}utomated and {U}nattended {F}uzzing {F}ramework},
   note     = {Retrieved January 18, 2014 from  \url{https://github.com/OpenRCE/sulley/}}
}


@misc{valgrind,
   title       = {{V}algrind - {I}nstrumentation {F}ramework for {B}uilding {D}ynamic {A}nalysis {T}ools},
   note     = {Retrieved March 17th, 2014 from  \url{http://www.valgrind.org/}}
}

@misc{sandy,
   title       = {{S}andy {B}ridge},
   note     = {Retrieved January 18, 2014 from  \url{http://ark.intel.com/products/codename/29900/Sandy-Bridge}}
}

@misc{ivy,
   title       = {{I}vy {B}ridge},
   note     = {Retrieved January 18, 2014 from  \url{http://ark.intel.com/products/codename/29902/Ivy-Bridge}}
}

@book{varghese,
  title={Network algorithmics},
  author={G. Varghese},
  year={2010},
  publisher={Morgan Kaufmann},
  editor={David Clark},
  address={Burlington, Massachusetts, USA} 
}

@inproceedings{beacon,
 author = {D. Erickson},
 title = {The {B}eacon {O}pen{F}low {C}ontroller},
 booktitle = {Proceedings of the Second ACM SIGCOMM Workshop on Hot Topics in Software Defined Networking},
 series = {HotSDN '13},
 year = {2013},
 isbn = {978-1-4503-2178-5},
 location = {Hong Kong, China},
 pages = {13--18},
 numpages = {6},
 url = {http://doi.acm.org/10.1145/2491185.2491189},
 doi = {10.1145/2491185.2491189},
 acmid = {2491189},
 publisher = {ACM},
 address = {New York, NY, USA},
 keywords = {beacon, controller, java, openflow},
} 


@inproceedings{nice,
	Author = {M. Caninsi and D. Venzano and P. Peresini and D. Kostic and J. Rexford},
	Date-Added = {2014-01-17 19:36:09 +0000},
	Date-Modified = {2014-01-17 19:36:20 +0000},
	booktitle = {Proceedings of the 9th USENIX conference on Networked Systems Design and Implementation },
 	series = {NSDI '12},
	Title = {A {NICE} {W}ay to {T}est {O}pen{F}low {A}pplications},
	Year = {2012},
	 publisher = {ACM},
	 address = {New York, NY, USA},
 	pages = {10--19},
 	numpages = {10},


}

@inproceedings{bet,
 author = {K. Sullivan and J. Yang and D. Coppit and S. Khurshid and D. Jackson},
 title = {Software {A}ssurance by {B}ounded {E}xhaustive {T}esing},
 booktitle = {Proceedings of the ACM SIGCOMM International Symposium on Software Testing and Analysis},
 series = {ISSTA '04},
 year = {2004},
 isbn = {1-58113-820-2},
 location = {New York, USA},
 pages = {133--142},
 numpages = {10},
 url = {http://doi.acm.org/10.1145/1007512.1007531},
 doi = {10.1145/1007512.1007531},
 acmid = {100753},
 publisher = {ACM},
 address = {New York, NY, USA},
} 

@inproceedings{packettypes,
 author = {P. McCann and S. Chandra},
title = {Packet {T}ypes: {A}bstract {S}pecification of {N}etwork {P}rotocol {M}essages},
 booktitle = {Proceedings of the conference on Applications, Technologies, Architectures, and Protocols for Computer Communication},
 year = {2000},
 isbn = {1-58113-223-9},
 location = {New York, USA},
 pages = {321--333},
 numpages = {13},
 url = {http://doi.acm.org/10.1145/347057.347563},
 doi = {10.1145/347057.347563},
 acmid = {347563},
 publisher = {ACM},
 address = {New York, NY, USA},
} 

@inproceedings{binpac,
 author = {R. Pang and V. Paxson and R. Sommer and L.Peterson},
 title = {Binpac: {A} {Y}acc for {W}riting {A}pplication {P}rotocol {P}arsers},
 booktitle = {Proceedings of the 6th ACM SIGCOMM conference on Internet measurement},
 series = {IMC '06},
 year = {2006},
 isbn = {1-59593-561-4},
 location = {New York, USA},
 pages = {289--300},
 numpages = {12},
 url = {http://doi.acm.org/10.1145/1177080.1177119},
 doi = {10.1145/1177080.1177119},
 acmid = {1177119},
 publisher = {ACM},
 address = {New York, NY, USA},
} 

@inproceedings{flowchecker,
	Author = {E. Al-Shaer and S. Al-Haj},
	Booktitle = {Proceedings of the 3rd ACM workshop on Assurable and usable security configuration},
	 series = {SafeConfig '10},
	Date-Added = {2014-01-17 19:43:12 +0000},
	Date-Modified = {2014-01-17 19:43:21 +0000},
	Pages = {37--44},
	Title = {Flow{C}hecker: {C}onfiguration {A}nalysis and {V}erification of {F}ederated {O}pen{F}low {I}nfrastructures},
	Year = {2010},
	 address = {New York, NY, USA},
 	publisher = {ACM},
	numpages = {8},
}

@inproceedings{oflops,
	Author = {C. Rotsos and N. Sarrar and S. Uhlig and R. Sherwood and A. Moore},
	Booktitle = {Proceedings of the 13th international conference on Passive and active Measurement },
 	series = {PAM '12},
	Date-Added = {2014-01-17 19:40:12 +0000},
	Date-Modified = {2014-01-17 19:40:20 +0000},
	Pages = {85--95},
	Title = {Oflops: {A}n {O}pen {F}ramework for {O}pen{F}low {S}witch {E}valuation},
	Year = {2012},
 	address = {New York, NY, USA},
 	publisher = {ACM},
	numpages = {11},

}

@inproceedings{soft,
	Author = {M. Kuzniar and P. Peresini and M. Canini and D. Venzano and D. Kostic},
	Booktitle = {Proceedings of the 8th international conference on Emerging networking experiments and technologies},
	series = {CoNEXT '12},
	Date-Added = {2014-01-17 19:36:46 +0000},
	Date-Modified = {2014-01-17 19:36:53 +0000},
	Pages = {265--276},
	Title = {A {SOFT} {W}ay for {O}pen{F}low {S}witch {I}nteroperability {T}esting},
	Year = {2012},
	address = {New York, NY, USA},
 	publisher = {ACM},
	numpages = {12},
}

@inproceedings{veriflow,
  title={VeriFlow: {V}erifying {N}etwork-{W}ide {I}nvariants in {R}eal {T}ime},
  author={A. Khurshid  and W. Zhou and M. Caesar and P. Godfrey},
Booktitle = {Proceedings of the first workshop on Hot topics in software defined networks },	
series = {HotSDN '12},
  pages={49-54},
  year={2012},
address = {New York, NY, USA},
  publisher={ACM},
numpages = {6},
}

@inproceedings{wripe,
	Author = {J. Casey and A. Sutton and G. Dos Reis and A. Sprintson},
	Booktitle = {Proceedings of the 21st international conference on Network protocols},
	series = {ICNP '13},
	Date-Added = {2014-01-17 19:38:00 +0000},
	Date-Modified = {2014-01-17 19:38:09 +0000},
	Title = {Eliminating {N}etwork {P}rotocol {V}ulnerabilities {T}hrough {A}bstraction and {S}ystems {L}anguage {D}esign},
	Pages = {1--6},
	Year = {2013},
		address = {Piscataway, NJ, USA},
 	publisher = {IEEE},
	numpages = {6},
}
}


